<record><leader>00000cas a22000007a 4500</leader><controlfield tag="001">9946965</controlfield><controlfield tag="008">830924d18571863nyuwr ne      0    0eng d</controlfield><controlfield tag="009">3781</controlfield><datafield ind1=" " ind2=" " tag="010"><subfield code="a">sn 83031663 </subfield></datafield><datafield ind1=" " ind2=" " tag="040"><subfield code="a">NPU</subfield><subfield code="b">eng</subfield><subfield code="c">NPU</subfield><subfield code="d">NPX</subfield><subfield code="d">NYS</subfield><subfield code="d">OCL</subfield><subfield code="d">OCLCF</subfield><subfield code="d">OCLCO</subfield></datafield><datafield ind1="1" ind2=" " tag="029"><subfield code="a">AU@</subfield><subfield code="b">000020227329</subfield></datafield><datafield ind1=" " ind2=" " tag="042"><subfield code="a">msc</subfield></datafield><datafield ind1="0" ind2="0" tag="245"><subfield code="a">Schenectady weekly Republican.</subfield></datafield><datafield ind1="1" ind2="3" tag="246"><subfield code="a">Schenectady Republican</subfield></datafield><datafield ind1=" " ind2=" " tag="260"><subfield code="a">Schenectady, N.Y. :</subfield><subfield code="b">Judson S. Landon [and] William M. Colborne,</subfield></datafield><datafield ind1=" " ind2=" " tag="300"><subfield code="a">v. ;</subfield><subfield code="c">61 cm.</subfield></datafield><datafield ind1=" " ind2=" " tag="310"><subfield code="a">Weekly</subfield></datafield><datafield ind1="0" ind2=" " tag="362"><subfield code="a">Vol. 1, no. 1 (Sept. 18, 1857)-(Feb. 28, 1863).</subfield></datafield><datafield ind1=" " ind2=" " tag="500"><subfield code="a">Publishers: Judson S. Landon and William M Colborne, 1857-    ; Hart &amp; Griffes News Agency, &lt;1859&gt;; E. Nott Schermerhorn, &lt;1860&gt;.</subfield></datafield><datafield ind1=" " ind2=" " tag="500"><subfield code="a">Published as: Schenectady Republican, Sept. 18-25, 1857 and Dec. &lt;28&gt;, 1860.</subfield></datafield><datafield ind1=" " ind2=" " tag="580"><subfield code="a">Daily eds.: Evening star, &lt;1857&gt; to June 1861; and Evening star and times, June 1861 to Feb. 27, 1863.</subfield></datafield><datafield ind1=" " ind2="0" tag="651"><subfield code="a">Schenectady (N.Y.)</subfield><subfield code="v">Newspapers.</subfield></datafield><datafield ind1=" " ind2="7" tag="655"><subfield code="a">Newspapers.</subfield><subfield code="2">fast</subfield><subfield code="0">(OCoLC)fst01423814</subfield></datafield><datafield ind1=" " ind2="7" tag="651"><subfield code="a">New York (State)</subfield><subfield code="z">Schenectady.</subfield><subfield code="2">fast</subfield><subfield code="0">(OCoLC)fst01202844</subfield></datafield><datafield ind1=" " ind2=" " tag="752"><subfield code="a">United States</subfield><subfield code="b">New York</subfield><subfield code="c">Schenectady</subfield><subfield code="d">Schenectady.</subfield></datafield><datafield ind1="1" ind2=" " tag="775"><subfield code="t">Evening star (Schenectady, N.Y. : 1855)</subfield><subfield code="w">(DLC)sn 83031697</subfield></datafield><datafield ind1="1" ind2=" " tag="775"><subfield code="t">Evening star and times</subfield><subfield code="w">(DLC)sn 84031400</subfield></datafield><datafield ind1="0" ind2="0" tag="785"><subfield code="t">Schenectady Republican</subfield><subfield code="w">(DLC)sn 83031662</subfield></datafield></record>